<?xml version="1.0" encoding="UTF-8"?><record xmlns="http://www.loc.gov/MARC21/slim" xmlns:cinclude="http://apache.org/cocoon/include/1.0" xmlns:zs="http://www.loc.gov/zing/srw/">
  <leader>00519cz  a2200121n  4500</leader>
  <controlfield tag="001">n 2003073872</controlfield>
  <controlfield tag="003">DLC</controlfield>
  <controlfield tag="005">20030214164537.0</controlfield>
  <controlfield tag="008">030214n| acannaabn          |n ana      </controlfield>
  <datafield tag="010" ind1=" " ind2=" ">
    <subfield code="a">n 2003073872</subfield>
  </datafield>
  <datafield tag="040" ind1=" " ind2=" ">
    <subfield code="a">DLC</subfield>
    <subfield code="b">eng</subfield>
    <subfield code="c">DLC</subfield>
  </datafield>
  <datafield tag="110" ind1="2" ind2=" ">
    <subfield code="a">Alpha Phi Sigma.</subfield>
    <subfield code="b">Elizabeth City State University Chapter</subfield>
  </datafield>
  <datafield tag="670" ind1=" " ind2=" ">
    <subfield code="a">NUCMC data from Elizabeth City State University for Elizabeth City State University. Division of Academic Affairs. Social Sciences Department records, 1960-1991</subfield>
    <subfield code="b">(Alpha Phi Sigma. Elizabeth City State University Chapter)</subfield>
  </datafield>
</record>